%! Author = matteo
%! Date = 13/11/2022

