@book{halkias2001integrated,
  title={Integrated Electronics},
  author={Halkias, M.},
  isbn={9780074622452},
  lccn={79172657},
  series={McGraw-Hill electrical and electronic engineering series},
  url={https://books.google.it/books?id=Qta8v9hJBMAC},
  year={2001},
  publisher={Tata McGraw-Hill Publishing Company}
}
